% Prace zewnętrzne
@undefined{Z1,
  title={Kolekcje polskich i dalekowschodnich (Chiny, Japonia, Korea) bibliotek cyfrowych. Analiza porównawcza},
  author={Sulima-Samuj{\l}{\l}o, P.},
  year={2017},
	affiliation = {Wydział Zarządzania i Komunikacji Społecznej},
}

@misc{Z2,
  title={Robotic process automation},
  author={Van der Aalst, W. and Bichler, M. and Heinzl, A.},
  journal={Business \& information systems engineering},
  volume={60},
  number={4},
  pages={269--272},
  year={2018},
  publisher={Springer}
}

@article{Z3,
  title={Deep learning based recommender system: A survey and new perspectives},
  author={Zhang, S. and Yao, L. and Sun, A. and Tay, Y.},
  journal={ACM Computing Surveys (CSUR)},
  %volume={52},
  %number={1},
  %pages={1--38},
  year={2019},
  publisher={ACM New York, NY, USA}
}

@article{Z4,
  title={Application of hierarchical facility location problem for optimization of a drone delivery system: a case study of Amazon prime air in the city of San Francisco},
  author={Shavarani, S. M. and Nejad, Mazyar Ghadiri and Rismanchian, Farhood and Izbirak, Gokhan},
  journal={The International Journal of Advanced Manufacturing Technology},
%  volume={95},
%  number={9},
%  pages={3141--3153},
  year={2018},
  publisher={Springer}
}

@article{Z5,
  title={Bearing fault detection and diagnosis using case western reserve university dataset with deep learning approaches: A review},
  author={Neupane, D. and Seok, J.},
  journal={IEEE Access},
%  volume={8},
%  pages={93155--93178},
  year={2020},
  publisher={IEEE}
}

@article{Z6,
  title={Machine learning, ethics and law},
  author={Miller, S. and others},
  journal={Australasian Journal of Information Systems},
  %volume={23},
  year={2019},
  publisher={Australian Computer Society}
}

@misc{Z7,
  title={Artificial intelligence: a general survey. Science Research Council},
  author={Lighthill, J},
  year={1973},
  publisher={Science Research Council}
}

@techreport{Z8,
  title={Artificial Intelligence Project},
  author={McCarthy, J. and Feigenbaum, E. and Lederberg, J.},
  year={1973},
  institution={Progress Report}
}

@book{Z9,
  title={Kr{\'o}tka historia informatyki},
  author={Tadeusiewicz, R.},
  year={2019},
  publisher={Wydawnictwo RM}
}

@book{Z10,
  title={Machine learning},
  author={Alpaydin, E.},
  year={2021},
  publisher={MIT Press}
}

@article{Z11,
  title={Classification of imbalanced data: A review},
  author={Sun, Y. and Wong, A. and Kamel, M.},
  journal={International journal of pattern recognition and artificial intelligence},
  %volume={23},
  %number={04},
  %pages={687--719},
  year={2009},
  publisher={World Scientific}
}

@article{Z12,
  title={Learning from imbalanced data: open challenges and future directions},
  author={Krawczyk, B.},
  journal={Progress in Artificial Intelligence},
  %volume={5},
  %number={4},
  %pages={221--232},
  year={2016},
  publisher={Springer}
}

@article{Z13,
  title={An overview of classification algorithms for imbalanced datasets},
  author={Ganganwar, V.},
  journal={International Journal of Emerging Technology and Advanced Engineering},
  %volume={2},
  %number={4},
  %pages={42--47},
  year={2012},
  publisher={Citeseer}
}

@article{Z14,
  title={Decision trees: a recent overview},
  author={Kotsiantis, S.},
  journal={Artificial Intelligence Review},
  %volume={39},
  %number={4},
  %pages={261--283},
  year={2013},
  publisher={Springer}
}

@article{Z15,
  title={Towards a more efficient and cost-sensitive extreme learning machine: A state-of-the-art review of recent trend},
  author={Alaba, P. and Popoola, Segun Isaiah and Olatomiwa, Lanre and Akanle, Mathew Boladele and Ohunakin, Olayinka S and Adetiba, Emmanuel and Alex, Opeoluwa David and Atayero, Aderemi AA and Daud, Wan Mohd Ashri Wan},
  journal={Neurocomputing},
  %volume={350},
  %pages={70--90},
  year={2019},
  publisher={Elsevier}
}

@inproceedings{Z16,
  title={Big data: A review},
  author={Sagiroglu, S. and Sinanc, D.},
  booktitle={2013 international conference on collaboration technologies and systems (CTS)},
  %pages={42--47},
  year={2013},
  organization={IEEE}
}

@inproceedings{Z17,
  title={Updating formulae and a pairwise algorithm for computing sample variances},
  author={Chan, T. and Golub, G. and LeVeque, R.},
  booktitle={COMPSTAT 1982 5th Symposium held at Toulouse 1982},
  %pages={30--41},
  year={1982},
  organization={Springer}
}


@article{Z18,
  title={Strict very fast decision tree: a memory conservative algorithm for data stream mining},
  author={da Costa, V. and de Leon Ferreira, A. and Junior, S. and others},
  journal={Pattern Recognition Letters},
  volume={116},
  pages={22--28},
  year={2018},
  publisher={Elsevier}
}

@book{Z19,
  title={Deep learning},
  author={Goodfellow, Ian and Bengio, Yoshua and Courville, Aaron},
  year={2016},
  publisher={MIT press}
}

@inproceedings{Z20,
  title={Large scale incremental learning},
  author={Wu, Y. and Chen, Y. and Wang, L. and Ye, Y. and Liu, Z. and Guo, Y. and Fu, Y.},
  booktitle={Proceedings of the IEEE/CVF Conference on Computer Vision and Pattern Recognition},
  pages={374--382},
  year={2019}
}


@article{Z21,
  title={Ensemble learning for data stream analysis: A survey},
  author={Krawczyk, B. and Minku, Leandro L and Gama, Jo{\~a}o and Stefanowski, Jerzy and Wo{\'z}niak, Micha{\l}},
  journal={Information Fusion},
%  volume={37},
%  pages={132--156},
  year={2017},
  publisher={Elsevier}
}

@article{Z22,
  title={A survey on concept drift adaptation},
  author={Gama, J. and {\v{Z}}liobait{\.e}, Indr{\.e} and Bifet, Albert and Pechenizkiy, Mykola and Bouchachia, Abdelhamid},
  journal={ACM computing surveys (CSUR)},
  %volume={46},
  %number={4},
  %pages={1--37},
  year={2014},
  publisher={ACM New York, NY, USA}
}

@article{Z23,
  title={Extreme learning machine: theory and applications},
  author={Huang, Guang-Bin and Zhu, Qin-Yu and Siew, Chee-Kheong},
  journal={Neurocomputing},
  volume={70},
  number={1-3},
  pages={489--501},
  year={2006},
  publisher={Elsevier}
}

@article{Z24,
  title={Rotation forest: A new classifier ensemble method},
  author={Rodriguez, Juan Jos{\'e} and Kuncheva, Ludmila I and Alonso, Carlos J},
  journal={IEEE transactions on pattern analysis and machine intelligence},
  %volume={28},
  %number={10},
  %pages={1619--1630},
  year={2006},
  publisher={IEEE}
}

@article{Z25,
  title={SMOTE: synthetic minority over-sampling technique},
  author={Chawla, Nitesh V and Bowyer, Kevin W and Hall, Lawrence O and Kegelmeyer, W Philip},
  journal={Journal of artificial intelligence research},
  volume={16},
  pages={321--357},
  year={2002}
}

@misc{Z26,
  doi = {10.48550/ARXIV.2101.12523},
  
%  url = {https://arxiv.org/abs/2101.12523},
  
  author = {Franc, V. and Prusa, D. and Voracek, V.},
  
  keywords = {Machine Learning (cs.LG), FOS: Computer and information sciences, FOS: Computer and information sciences},
  
  title = {Optimal strategies for reject option classifiers},
  
  publisher = {arXiv},
  
  year = {2021},
  
%  copyright = {arXiv.org perpetual, non-exclusive license}
}
